<record><leader>00000cas a2200000   4500</leader><controlfield tag="001">5213254</controlfield><controlfield tag="008">790726d197819uucauwr ne      0   a0eng c</controlfield><datafield ind1=" " ind2=" " tag="010"><subfield code="a">sn 79000721 </subfield></datafield><datafield ind1=" " ind2=" " tag="040"><subfield code="a">NSD</subfield><subfield code="b">eng</subfield><subfield code="c">NSD</subfield><subfield code="d">OCL</subfield><subfield code="d">CNK</subfield><subfield code="d">OCLCQ</subfield><subfield code="d">CNK</subfield><subfield code="d">OCLCF</subfield><subfield code="d">OCLCO</subfield></datafield><datafield ind1=" " ind2=" " tag="012"><subfield code="k">1</subfield><subfield code="m">c</subfield></datafield><datafield ind1="1" ind2=" " tag="022"><subfield code="a">0195-0126</subfield><subfield code="l">0195-0126</subfield><subfield code="2">1</subfield></datafield><datafield ind1="1" ind2=" " tag="029"><subfield code="a">AU@</subfield><subfield code="b">000020629687</subfield></datafield><datafield ind1=" " ind2=" " tag="032"><subfield code="a">485830</subfield><subfield code="b">USPS</subfield></datafield><datafield ind1=" " ind2=" " tag="042"><subfield code="a">nsdp</subfield><subfield code="a">pcc</subfield></datafield><datafield ind1=" " ind2="0" tag="222"><subfield code="a">Costa Mesa news</subfield></datafield><datafield ind1="0" ind2="0" tag="245"><subfield code="a">Costa Mesa news.</subfield></datafield><datafield ind1=" " ind2=" " tag="260"><subfield code="a">Newport Beach, CA. :</subfield><subfield code="b">Duncan McIntosh, Jr.</subfield></datafield><datafield ind1=" " ind2=" " tag="310"><subfield code="a">Weekly</subfield></datafield><datafield ind1="0" ind2=" " tag="362"><subfield code="a">1st year, 1st issue (Sept. 7, 1978)-</subfield></datafield><datafield ind1=" " ind2=" " tag="515"><subfield code="a">Volume dropped with Nov. 14, 1985 issue; resumed with June 12, 1987 issue.</subfield></datafield><datafield ind1=" " ind2=" " tag="530"><subfield code="a">Master negatives are available for duplication from:</subfield><subfield code="b">California Newspaper Microfilm Archive;</subfield><subfield code="c">positive copies may be purchased by the reel; for further information consult the CNMA at:</subfield><subfield code="u">http://cbsr.ucr.edu</subfield></datafield><datafield ind1=" " ind2="0" tag="651"><subfield code="a">Costa Mesa (Calif.)</subfield><subfield code="v">Newspapers.</subfield></datafield><datafield ind1=" " ind2="7" tag="655"><subfield code="a">Newspapers.</subfield><subfield code="2">fast</subfield><subfield code="0">(OCoLC)fst01423814</subfield></datafield><datafield ind1=" " ind2="7" tag="651"><subfield code="a">California</subfield><subfield code="z">Costa Mesa.</subfield><subfield code="2">fast</subfield><subfield code="0">(OCoLC)fst01217487</subfield></datafield><datafield ind1=" " ind2=" " tag="752"><subfield code="a">United States</subfield><subfield code="b">California</subfield><subfield code="c">Orange</subfield><subfield code="d">Newport Beach.</subfield></datafield><datafield ind1=" " ind2=" " tag="936"><subfield code="a">July 12, 1979</subfield></datafield></record>